<?xml version="1.0" encoding="UTF-8"?><collection xmlns="http://www.loc.gov/MARC21/slim"><record><leader>00726nam--2200205-i-4500</leader><controlfield tag="001">000013701</controlfield><controlfield tag="002">20161230</controlfield><controlfield tag="005">20161230201030</controlfield><controlfield tag="008">060222s1000------------r-----000-0-eng-d</controlfield><datafield ind1=" " ind2=" " tag="020"><subfield code="a">0306404419</subfield></datafield><datafield ind1=" " ind2=" " tag="040"><subfield code="a">IFIN-HH</subfield></datafield><datafield ind1=" " ind2=" " tag="080"><subfield code="a">539.183.2(061.3):541.2</subfield></datafield><datafield ind1="1" ind2=" " tag="100"><subfield code="a">Nolen, Jerry A</subfield></datafield><datafield ind1="1" ind2="0" tag="245"><subfield code="a">Atomic masses and fundamental constants 6</subfield><subfield code="b">Proceedings of the sixth international conference on atomic masses, held in east lansing, michigan, september 18-21, 1979</subfield><subfield code="c">Jerry a. nolen, walter benenson (eds.)</subfield></datafield><datafield ind1=" " ind2=" " tag="260"><subfield code="a">New York</subfield><subfield code="b">Plenum Press</subfield><subfield code="c">1979</subfield></datafield><datafield ind1=" " ind2=" " tag="300"><subfield code="a">VIII + 572 P</subfield></datafield><datafield ind1=" " ind2=" " tag="490"><subfield code="a">Atomic Masses And Fundamental Constants</subfield></datafield><datafield ind1="1" ind2=" " tag="700"><subfield code="a">Benenson, Walter</subfield><subfield code="e">Ed</subfield></datafield><datafield ind1=" " ind2=" " tag="852"><subfield code="a">49261</subfield><subfield code="c">539.18</subfield></datafield><datafield ind1=" " ind2=" " tag="CAT"><subfield code="a">Sys</subfield><subfield code="c">20120706</subfield><subfield code="h">115600</subfield></datafield></record></collection>